@unpublished{Aikio:05,
author = {Ante Aikio},
title = {Pohjoissaamen alkeiskurssi ({An} Introduction to {North Sami})},
note = "Lecture materials, University of Oulu",
year = {2005},
}

@incollection{Aikio:ea:14,
author = "Ante Aikio and Laura Arola and Niina Kunnas",
title = "Variation in {North Saami}",
booktitle = "Globalising Sociolinguistics: Challenging and Expanding Theory",
editor = "Dick Smakman AND Patrick Heinrich",
publisher = "Routledge",
pages = "243--255",
year = "2014",
}

@article{Aikio:87,
author = "Samuli Aikio",
title = "Yksi kieli, yksi mieli: pohjoissaamen kirjakielen yhten{\"a}istyminen",
journal = "Viritt{\"a}j{\"a}",
volume = {91},
pages = {457--490},
year = 1987
}

@article{Bachorowski:ea:01,
author = "Bachorowski, J.-A. and Smoski, M. J. and Owren, M. J.",
title = "The acoustic features of human laughter",
journal = "Journal of Acoustic Society of America",
volume = 110},
pages = {1581--1591},
year = "2001",
}

@book{Bergsland:94,
author = "Bergsland, Knut",
title = "Sydsamisk grammatikk. Second edition",
publisher = "{Davvi Girji}",
address = "Karasjok",
year = "1994",
}

@article{Bonin:ea:14,
author = "Bonin, F. and Campbell, N. and Vogel, C.",
title = "Time for laughter",
journal = "Knowledge-Based Systems",
volume = 71},
pages = {15--24},
year = "2014",
}

@phdthesis{Bonin:16,
  author = {Bonin, F.},
  school = {Trinity College Dublin},
  title = {Content and Context in Conversations: The Role of Social and Situational Signals in 
Conversation Structure},
  year = {2016},
}

@book{Chafe:07,
author = "Chafe, W.",
title = "The Importance of Being Earnest. The Feeling Behind Laughter and Humor",
publisher = "{John Benjamins}",
address = "Amsterdam",
year = "2007",
}

@inproceedings{Csapo:ea:CogInfoCom:12,
author = "Adam Csapo and Emer Gilmartin and Jonathan Grizou and 
          JingGuang Han and Raveesh Meena and Dimitra Anastasiou
          and Kristiina Jokinen and Graham Wilcock",
title = "Multimodal Conversational Interaction with a Humanoid
         Robot",
booktitle = "Proceedings of 3rd IEEE International Conference on
             Cognitive Infocommunications (CogInfoCom 2012)",
address = "Kosice",
pages = {667--672},
year = "2012",
}

@inproceedings{Gilmartin:ea:13,
author = "Gilmartin, E. and Bonin, F. and Vogel, C. and Campbell, N. ",
title = "Laughter and Topic Transition in Multiparty Conversation",
booktitle = "Proceedings of the 14th Annual SIGdial Meeting on Discourse and Dialogue (SIGDIAL 2013)",
pages = {304--308},
address = "Metz",
year = 2013,
}

@book{Goffman:74,
author = "Goffman, E.",
title = "Frame Analysis. An Essay on the Organization of Experience",
publisher = "{Northeastern University Press}",
address = "Boston",
year = "1974",
}

@unpublished{Groenroos:ea:15,
author = "Stig--Arne {Gr\"onroos} and Kristiina Jokinen and Katri Hiovain 
          and Mikko Kurimo and Sami Virpioja",
title = "Low-resource active learning of {North S{\'a}mi} morphological segmentation. 
         {Presentation at First International Workshop on Computational Linguistics 
          for the Uralic Languages, Troms{\o}, Norway}",
year = "2015",
}

%@article{Groenroos:ea:15,
%author = "Stig--Arne {Gr\"onroos} and Katri Hiovain and Peter Smit and Ilona Rauhala and Kristiina Jokinen %and Mikko Kurimo and Sami Virpioja",
%title = "Active Learning of Morphological Segmentation",
%journal = "NEJLT Journal",
%year = "submitted"
%}

@unpublished{Gruenthal:Siegl:12,
author = {Riho Gr\"unthal and Florian Siegl},
title = {Uralilaisten kielten pensasmalli ja arvioidut puhujam{\"a}{\"a}r{\"a}t 
        ({The "bush model" of the Uralic languages and the estimated numbers of speakers}),
        {Department of Finno-Ugric Studies, University of Helsinki}},
year = {2012},
}

@inproceedings{Hiovain:Jokinen:LREC:16,
author = "Katri Hiovain and Kristiina Jokinen",
title = " Acoustic Features of Different Types of Laughter in {North Sami} Conversational Speech",
booktitle = {Proceedings of the LREC 2016 Workshop "Just Talking - Casual Talk among Humans and Machines"},
editor = {Emer Gilmartin and Nick Campbell},
address = "Portoroz",
pages = {16--20},
year = 2016,
}
 
@Article{hirsimaki2009importance,
  Title                    = {Importance of high-order n-gram models in morph-based speech recognition},
  Author                   = {Hirsim{\"a}ki, Teemu and Pylkk{\"o}nen, Janne and Kurimo, Mikko},
  Journal                  = {IEEE Transactions on Audio, Speech, and Language Processing},
  Year                     = {2009},
  Number                   = {4},
  Pages                    = {724--732},
  Volume                   = {17},
  Publisher                = {IEEE}
}

@article{hirsimaki2006unlimited,
  title={Unlimited vocabulary speech recognition with morph language models applied to {Finnish}},
  author={Hirsim{\"a}ki, Teemu and Creutz, Mathias and Siivola, Vesa and Kurimo, Mikko and Virpioja, Sami and Pylkk{\"o}nen, Janne},
  journal={Computer Speech and Language},
  volume={20},
  number={4},
  pages={515--541},
  year={2006},
  publisher={Elsevier}
}

@book{Hirvonen:ea:97,
title = "The {S\'ami}. The Indigenous People of Nothernmost Europe. European languages 5",
editor = "Vuokko Hirvonen and Irja Seuruj{\"a}rvi-Kari and Pedersen Steinar",
publisher = "Brussels information centre. EBLUL",
address = "Brussels",
year = "1997",
}

@inproceedings{Hoque:ea:11,
author = "Mohammed (Ehsan) Hoque and Louis-Philippe Morency and Rosalind W. Picard",
title = "Are you friendly or just polite? – Analysis of smiles in spontaneous face-to-face interactions",
booktitle = {Proceedings of International Conference on Affective Computing and Intelligent Interaction},
publisher = {Springe},
pages = "135--144",
year = 2011,
}

@incollection{Jefferson:84,
author = "Jefferson, G.",
title = "On the organization of laughter in talk about troubles",
booktitle = "Structures of Social Action: Studies in Conversation Analysis",
editor = "J. Atkinson and J. Maxwell Heritage",
publisher = "Cambridge University Press",
pages = "346--369",
year = "1984",
}

@inproceedings{Jokinen:Tenjes:12,
author = "Kristiina Jokinen and Tenjes, S.",
title = "Investigating Engagement – Intercultural and Technological Aspects of the Collection, Analysis, and Use
         of {Estonian} Multiparty Conversational Video Data",
booktitle = {Proceedings of Eighth International Conference on
                  Language Resources and Evaluation (LREC 2012)},
publisher = {European Language Resources Association (ELRA)},
address = "Istanbul",
pages = "2764--2769",
year = 2012,
}

@incollection{Jokinen:Wilcock:IWSDS:12,
author = "Kristiina Jokinen and Graham Wilcock",
title = "Multimodal Open-Domain Conversations with the {Nao} Robot",
booktitle = "Natural Interaction with Robots, Knowbots and
                  Smartphones: Putting Spoken Dialogue Systems into
                  Practice",
editor = "Joseph Mariani and Sophie Rosset and Martine Garnier-Rizet
                  and Laurence Devillers",
publisher = "Springer",
pages = "213--224",
year = "2014",
}

@inproceedings{Jokinen:LREC:14,
author = "Kristiina Jokinen",
title = "Open-domain Interaction and Online Content in the {Sami} Language",
booktitle = {Proceedings of Ninth International Conference on
                  Language Resources and Evaluation (LREC 2014)},
editor = {Nicoletta Calzolari and Khalid Choukri and Thierry Declerck and Hrafn Loftsson
          and Bente Maegaard and Joseph Mariani and Asuncion Moreno and Jan Odijk and Stelios Piperidis},
publisher = {European Language Resources Association (ELRA)},
isbn = {978-2-9517408-8-4},
address = "Reykjavik",
year = 2014,
}
 
@inproceedings{Jokinen:Wilcock:SLTU:14,
author = "Kristiina Jokinen and Graham Wilcock",
title = "Community-based Resource Building and Data Collection",
booktitle = {Proceedings of 4th Workshop on Spoken Language
                  Technologies for Under-resourced Languages (SLTU-2014)},
address = "St. Petersburg",
pages = "201--206",
year = 2014,
}

@inproceedings{Jokinen:ea:IWSDS:16,
author = "Kristiina Jokinen and Katri Hiovain and Niklas {Laxstr\"om} and Ilona Rauhala and Graham Wilcock",
title = "{DigiSami} and Digital Natives: Interaction Technology for the {North Sami} Language",
booktitle = {Proceedings of Seventh International Workshop on Spoken Dialogue Systems (IWSDS 2016)},
address = "Saariselk{\"a}",
year = 2016,
}

@inproceedings{Jokinen:ea:Interspeech:16,
author = "Kristiina Jokinen and Trung, Ngo Trong and {Hautam\"aki}, V. ",
title = "Variation in Spoken {North Sami} Language",
booktitle = {Proceedings of INTERSPEECH 2016},
address = "San Francisco",
year = 2016,
}

@book{Korhonen:81,
author = "Mikko Korhonen",
title = "Johdatus lapin kielen historiaan",
publisher = "Suomalaisen Kirjallisuuden Seura",
address = "Helsinki",
year = "1981",
}

@book{Kulonen:ea:05,
title = "The Saami - A Cultural Encyclopedia",
editor = "Ulla-Maija Kulonen and Irja Seuruj{\"a}rvi-Kari and Risto Pulkkinen",
publisher = "Suomalaisen Kirjallisuuden Seura",
address = "Helsinki",
year = "2005",
}

@inproceedings{Laxstrom:ea:EAMT:15,
author = "Niklas {Laxstr\"om} and Pau Giner and Santhosh Thottingal",
title = "Content Translation: Computer assisted translation tool for {Wikipedia} articles",
booktitle = {Proceedings of 18th Annual Conference of the European Association for Machine Translation},
address = "",
pages = "194--197",
year = 2015,
}

@inproceedings{Laxstrom:ea:IWSDS:16,
author = {Niklas {Laxstr\"om} and Graham Wilcock and Kristiina Jokinen},
title = {Internationalisation and localisation of spoken dialogue systems},
booktitle = {Proceedings of Seventh International Workshop on Spoken Dialogue Systems (IWSDS 2016)},
address = "Saariselk{\"a}",
year = 2016,
}

@incollection{Lehtiranta:Seurujarvi-Kari:91,
author = "Juhani Lehtiranta and Ira Seuruj{\"a}rvi-Kari",
title = "Saamelaiset",
booktitle = "Uralilaiset kansat – tietoa suomen sukukielist{\"a} ja niiden puhujista",
editor = "Johanna Laakso",
publisher = "WSOY",
pages = "",
year = "1991",
}

@mastersthesis{Leinonen:15,
author = "Juho Leinonen",
title = "Automatic Speech Recognition for Human-Robot Interaction Using an Under-Resourced Language",
school = {Aalto University, School of Electrical Engineering, Department of Signal Processing and Acoustics},
address = "Espoo",
year = 2015,
}

@unpublished{Miestamo:ea:15,
author = {Matti Miestamo and Juutinen, M. and Koponen, E. and Koukkari, T.},
title = {Archive materials in {Skolt Sami} documentation. 
         {Presentation at XII International Congress for Finno-Ugric Studies (CIFU XII), Oulu}},
year = {2015},
}

@article{Nwokah:ea:99,
  title={The Integration of Laughter and Speech in Vocal Communication: A Dynamic Systems Perspective},
  author={Eva E. Nwokah and Hui-Chin Hsu and Patricia Davies and Alan Fogel},
  journal={Journal of Speech, Language, and Hearing Research},
  volume={42},
  pages={880--894},
  year={1999},
}

@misc{Oulu:aanitteet,
   author = "{Giellagas Institute, University of Oulu}",
   title = "{A. {\"A}{\"a}nitteet (Recordings)}",
   year = "2015",
   url = "http://www.oulu.fi/giellagasinstituutti/aanitteet",
   note = "[Online; accessed 2-December-2015]"
}
 
@misc{Oulu:archive,
   author = "{Giellagas Institute, University of Oulu}",
   title = "{The Saami Culture Archive of University of Oulu}",
   year = "2015",
   url = "http://www.oulu.fi/giellagasinstitute/the_saami_culture_archive",
   note = "[Online; accessed 2-December-2015]"
}

@incollection{Owren:Bachorowski:07,
author = "Michael J. Owren and Bachorowski, J.-A.",
title = "Measuring emotion-related vocal acoustics",
booktitle = "{Handbook of Emotion Elicitation and Assessment}",
editor = "J. Coan and J. Allen",
publisher = "Oxford University Press",
pages = "239--266",
year = "2007",
}

@inproceedings{Paggio:ea:10,
author = {Patrizia Paggio and Jens Allwood and Elisabeth Ahls\'{e}n and
                  Kristiina Jokinen and Costanza Navarretta},
title = {The {NOMCO} {Multimodal Nordic Resource - Goals and Characteristics}},
booktitle = {Proceedings of Seventh International Conference on
                  Language Resources and Evaluation (LREC 2010)},
year = {2010},
address = {Valletta, Malta},
pages = "2968--2973",
}

@book{Palismaa:Eira:01,
author = "Maaren Palismaa and Inger Marit Gaup Eira",
title = "{Gielas gillii, mielas millii 9 - Davvis\'{a}megiela suopmanat 
         (From language to language, from mind to mind 9 - The dialects of North Sami)}",
publisher = "{Davvi Girji}",
address = "K\'{a}r\'{a}\v{s}johka",
year = "2001",
}

@InProceedings{pylkkonen2005efficient,
  Title                    = {An efficient one-pass decoder for {Finnish} large vocabulary 
                              continuous speech recognition},
  Author                   = {Pylkk{\"o}nen, Janne},
  Booktitle                = {Proceedings of the 2nd Baltic Conference on Human Language Technologies},
  Year                     = {2005},
  Pages                    = {167--172}
}

@article{raitio2011hmm,
  title={{HMM}-based speech synthesis utilizing glottal inverse filtering},
  author={Raitio, Tuomo and Suni, Antti and Yamagishi, Junichi and Pulakka, Hannu 
          and Nurminen, Jani and Vainio, Martti and Alku, Paavo},
  journal={IEEE Transactions on Audio, Speech, and Language Processing},
  volume={19},
  number={1},
  pages={153--165},
  year={2011},
  publisher={IEEE}
}

@incollection{Riessler:06,
author = "Rie{\ss}ler, Michael",
title = "Om samiskans attributive adjektivform",
booktitle = "{S\'{a}pmi} Y1K. Livet i samernas {bos\"{a}ttningsomr\r{a}de} {f\"{o}r} ett tusen {\r{a}r} sedan",
editor = "Adrea Amft and Mikael Svonni",
publisher = "{S\'{a}mi} dutkan 3. {Ume\r{a}}: {Ume\r{a}} universitet",
pages = "135--150",
year = "2006",
}

@book{Sammallahti:98,
author = "Sammallahti, Pekka",
title = "The Saami Languages: An Introduction",
publisher = "{Davvi Girji}",
address = "K\'{a}r\'{a}\v{s}johka",
year = "1998",
}

@incollection{Seurujarvi-Kari:11,
author = "Ira Seuruj{\"a}rvi-Kari",
title = "Alkuper{\"a}iskansatutkimus, alkuper{\"a}iskansaliike ja saamelaiset",
booktitle = "Saamentutkimus t{\"a}n{\"a}{\"a}n",
editor = "Irja Seuruj{\"a}rvi-Kari and Petri Halinen and Risto Pulkkinen",
publisher = "Suomalaisen Kirjallisuuden Seura",
pages = "10–-55",
year = "2011",
}

@InProceedings{siivola2007morfessor,
  Title                    = {Morfessor and {variKN} machine learning tools for speech and language technology.},
  Author                   = {Siivola, Vesa and Creutz, Mathias and Kurimo, Mikko},
  Booktitle                = {INTERSPEECH 2007, 
                              8th Annual Conference of the International Speech Communication Association},
  Year                     = {2007},
  Pages                    = {1549--1552}
}

@misc{Simple4All,
   author = "{Simple4All Consortium}",
   title = "{Simple4All}: developing automatic speech synthesis technology",
   year = "2015",
   url = "http://simple4all.org/",
   note = "[Online; accessed 2-December-2015]"
}

@inproceedings{Smit:ea:16,
author = {Peter Smit and Juho Leinonen and Kristiina Jokinen and Mikko Kurimo},
title = {Automatic Speech Recognition for {Northern Sami} with
         comparison to other {Uralic} Languages. 
         {Presentation at Second International Workshop on Computational Linguistics 
          for Uralic Languages, Szeged, Hungary}},
year = {2016},
}

@inproceedings{Soria:ea:13,
author = {C. Soria and J. Mariani and C. Zoli},
title = {Dwarfs sitting on the giants' shoulders -- how {LTs} for regional and minority
         languages can benefit from piggybacking major languages},
booktitle = {Proceedings of XVII FEL Conference},
editor = "Norris, M.J. and Anonby, E. and Junker, M-O. and Ostler, N. and Patrick, D.",
address = {Ottawa},
pages = "73--79",
year = {2013},
}

@inproceedings{suni2014simple4all,
  title={The Simple4All entry to the Blizzard Challenge 2014},
  author={Suni, A and Raitio, T and Gowda, D and Gibson, R Karhila2 M and Watts, O},
  booktitle={Proc. Blizzard Challenge},
  year={2014}
}

@inproceedings{Tanaka:Campbell:11,
  title={Acoustic Features of Four Types of Laughter in Natural Conversational Speech},
  author={Tanaka, H. and Campbell, N.},
  booktitle={Proceedings of XVIIth ICPhS},
  address = {Hong Kong},
  year={2011}
}

@misc{Tromso:analyzers,
   author = "{Giellatekno, University of Troms{\o}}",
   title = "Programs for analysing {North Saami}",
   year = "2015",
   url = "http://giellatekno.uit.no/cgi/d-sme.eng.html",
   note = "[Online; accessed 2-December-2015]"
}

@misc{Tromso:dicts,
   author = "{Giellatekno, University of Troms{\o}}",
   title = "{North Saami} dictionaries",
   year = "2015",
   url = "http://dicts.uit.no/smedicts.eng.html",
   note = "[Online; accessed 2-December-2015]"
}

@misc{Tromso:keyboards,
   author = "{Divvun, University of Troms{\o}}",
   title = "Keyboards",
   year = "2015",
   url = "http://divvun.no/keyboards/index.html",
   note = "[Online; accessed 2-December-2015]"
}

@misc{Tromso:oahpa,
   author = "{Divvun, University of Troms{\o}}",
   title = "Welcome to the {OAHPA!} portal",
   year = "2015",
   url = "http://oahpa.no",
   note = "[Online; accessed 2-December-2015]"
}
@misc{Tromso:tale,
   author = "{Divvun, University of Troms{\o}}",
   title = "Text-to-speech",
   year = "2015",
   url = "http://divvun.no/en/tale/tale.html",
   note = "[Online; accessed 2-December-2015]"
}

@inproceedings{Trouvain:03,
author = {Trouvain, J.},
title = {Segmenting phonetic units in laughter},
booktitle = {Proceedings of XVth ICPhS},
year = {2003},
address = {Barcelona},
pages = "2793--2796",
}

@article{Truong:vanLeeuwen:07,
  title={Automatic discrimination between laughter and speech},
  author={Truong, K. P. and van Leeuwen, D. A.},
  journal={Speech Communication},
  volume={49},
  number={2},
  pages={144--158},
  year={2007},
}

@inproceedings{Valovirta:Guttorm:15,
author = {Aino Valovirta and Mari Guttorm},
title = {Corpus of spoken Saami languages -- 
         Annotation process and research opportunities},
booktitle = {Congressus Duodecimus Internationalis Fenno-Ugristarum, 
             Oulu. Book of Abstracts},
year = {2015},
address = {Oulu},
pages = "449--450",
}

@TechReport{virpioja2013morfessor,
  Title                    = {Morfessor 2.0: {Python} implementation and extensions for {Morfessor} baseline},
  Author                   = {Virpioja, Sami and Smit, Peter and Gr{\"o}nroos, Stig-Arne and Kurimo, Mikko},
  Year                     = {2013},
  Publisher                = {Aalto University},
}

@phdthesis{watts-2012,
  author = {Watts, Oliver},
  pdf = {http://www.cstr.inf.ed.ac.uk/downloads/publications/2012/oliver_watts_thesis.pdf},
  school = {University of Edinburgh},
  year = {2012},
  title = {Unsupervised Learning for Text-to-Speech Synthesis}
}

@misc{Wikipedia:motivation,
   author = "Wikipedia",
   title = "Motivation",
   year = "2015",
   url = "http://wikipapers.referata.com/wiki/Motivation",
   note = "[Online; accessed 2-December-2015]"
}
 
@book{Wilbur:14,
author = "Wilbur, J.",
title = "A Grammar of Pite Sami",
publisher = "{Language Science Press}",
address = "Berlin",
year = "2014",
}

@inproceedings{Wilcock:QACD:12,
author = "Graham Wilcock",
title = "{WikiTalk}: A Spoken {Wikipedia}-based Open-Domain
         Knowledge Access System",
booktitle = "Proceedings of the COLING 2012 Workshop on 
             Question Answering for Complex Domains",
address = "Mumbai",
pages = "57--69",
year = "2012",
}

@inproceedings{Wilcock:ea:IWSDS:16,
author = {Graham Wilcock and Niklas {Laxstr\"om} and Juho Leinonen 
          and Peter Smit and Mikko Kurimo and Kristiina Jokinen},
title = "{Towards SamiTalk: a Sami-speaking Robot
          linked to Sami Wikipedia}",
booktitle = {Proceedings of Seventh International Workshop on Spoken Dialogue Systems (IWSDS 2016)},
address = "Saariselk{\"a}",
year = 2016,
}

