@string{@ACL = "Association for Computational Linguistics "}

@inproceedings{Albacete:ea:15,
author = "Patricia Albacete and Pamela Jordan and Sandra Katz",
title = "Is a Dialogue-Based Tutoring System that Emulates Helpful
         Co-constructed Relations during Human Tutoring Effective?",
booktitle = "{Proceedings of 17th International Conference on
              Artificial Intelligence in Education (AIED 2015)}",
address = "Madrid",
year = "2015",
}

@book{Allwood:76,
author = "Jens Allwood",
title = "Linguistic Communication as Action and Cooperation: A Study
                  in Pragmatics. Gothenburg Monographs in Linguistics 2",
address = "",
publisher = "University of Gothenburg",
year = 1976
}

@book{Allwood:00,
author = "Jens Allwood",
title = "An Activity Based Approach to Pragmatics.
         Gothenburg Papers In Theoretical Linguistics 76",
address = "",
publisher = "University of Gothenburg",
year = 2000
}

@incollection{Allwood:02,
author = "Jens Allwood",
title = "{Bodily Communication -- Dimensions of Expression and Content}",
booktitle = "Multimodality in Language and Speech Systems",
editor = "B. {Granstr\"{o}m} and D. House and I. Karlsson",
publisher = "Kluwer Academic Publishers, Dordrecht",
pages = "7--26",
year = 2002
}

@article{Allwood:ea:07,
author = "Jens Allwood and Cerrato, L. and Jokinen, K. and Navarretta,
                  C. and Paggio, P.",
title = "{The MUMIN Coding Scheme for the Annotation of Feedback, Turn
                  Management and Sequencing}",
journal = "Language Resources and Evaluation",
volume = 41,
number = "3--4",
publisher = "Springer",
pages = "273--287",
year = 2007
}
%booktitle = "Multimodal Corpora for Modelling Human Multimodal Behaviour",
%editor = "{Martin et al.}",

@inproceedings{Anastasiou:ea:HCII:13,
author = "Dimitra Anastasiou and Kristiina Jokinen and Graham Wilcock",
title = "Evaluation of {WikiTalk} - User Studies of Human-Robot
                  Interaction",
booktitle = "{Proceedings of 15th International Conference on
                  Human-Computer Interaction (HCII 2013)}",
address = "Las Vegas",
year = "2013",
}

@incollection{Andre:Pelachaud:10,
author = "Elisabeth {Andr\'{e}} and Catherine Pelachaud",
title = " Interacting with Embodied Conversational Agents",
booktitle = "Speech Technology: Theory and Applications",
editor = "F. Cheng and K. Jokinen",
publisher = "Springer",
pages = "123--150",
year = 2010
}

@book{Argyle:Cook:76,
author = "Argyle, M. and Cook, M.",
title = "Gaze and Mutual Gaze",
address = "Cambridge",
publisher = "Cambridge University Press",
year = "1976"
}

@unpublished{Asmat:12,
author = "Carlos Asmat",
title = "{Nao 1337 uses Google Speech-to-Text Service}",
note = "In Carlitos' Contraptions (blog), Archive for January 2012
 (\url{http://www.carlitoscontraptions.com/2012/01/)}",
year = "2012",
}

@article{Bachorowski:ea:01,
author = "Bachorowski, J.-A. and Smoski, M. J. and Owren, M. J.",
title = "The acoustic features of human laughter",
journal = "Journal of Acoustic Society of America",
volume = 110,
year = 2001,
pages = {1581--1591},
}

@phdthesis{Battersby:11,
author = "Battersby, S.",
title = "Moving Together: the organization of Non-verbal cues during
                  multiparty conversation",
school = "Queen Mary, University of London",
year = "2011"
}

@inproceedings{Baranyi:Csapo:10,
author = "Peter Baranyi and Adam Csapo",
title = "Cognitive Infocommunications: CogInfoCom",
booktitle = "{11th International Symposium on Computational
                  Intelligence and Informatics (CINTI)}",
year = "2010",
}

@article{Bavelas:ea:86,
author = "Bavelas, J.B. and Black, A. and Lemery, C.R. and Mullett, J.",
title = "{I show how you feel: Motor mimicry as a communicative act}",
journal = "Journal of Personality and Social Psychology",
volume = 50,
number = 2,
year = 1986,
pages = {322--329},
}

@article{Bavelas:Chovil:00,
author = "Bavelas, J. and Chovil, N.",
title = "{Visible Acts of Meaning. An Integrated Message Model of Language in Face-to-Face Dialogue}",
journal = "Journal of Language and Social Psychology",
volume = 19,
number = 2,
year = 2000,
pages = {163--194},
}

@inproceedings{Beck:ea:10,
author = "A. Beck and L. Canamero and K.A. Bard",
title = "Towards an affect space for robots to display
         emotional body language.",
booktitle = "RO-MAN, 2010 IEEE",
address = "",
pages = {464--469},
year = 2010,
}

@book{Beiter:ea:12,
author = "Beiter, M. and Coltin, B. and Liemhetcharat, S.",
title = "An Introduction to
Robotics with Nao. A stem integrated, project based approach to
learning robotics and computer science",
address = "",
publisher = "Aldebaran Robotics",
year = "2012"
}

@inproceedings{Bennewitz:ea:07,
author = "Bennewitz, M. and Faber, F. and Joho, D. and Behnke, S.",
title = "Fritz - A Humanoid Communication Robot.",
booktitle = "Proceedings of the 16th IEEE International Symposium
             on Robot and Human Interactive Communication (RO-MAN)",
address = "",
pages = {},
year = 2007,
}

@inproceedings{Beringer:ea:02,
author = "Beringer, N. and Kartal, U. and Louka, K. and Schiel, F. and
                  {T\"{u}rk}, U.",
title = "PROMISE: A Procedure for Multimodal Interactive System
                  Evaluation",
booktitle = "Proceedings of the Workshop Multimodal Resources and
                  Multimodal Systems Evaluation",
address = "Las Palmas",
pages = {},
year = 2002,
}

@article{Billard:ea:06,
author = "A. Billard and B. Robins and J. Nadel and K. Dautenhahn",
title = "{Building robota, a mini-humanoid robot for the
                  rehabilitation of children with autism}",
journal = "RESNA Assistive Technology Journal",
year = 2006,
}

@book{Bird:ea:09,
author = "Steven Bird and Ewan Klein and Edward Loper",
title = "Natural Language Processing with Python",
address = "",
publisher = "O'Reilly",
year = "2009"
}

@article{Blank:ea:06,
author = "Douglas Blank and Deepak Kumar and Lisa Meeden and Holly Yanco",
title = "{The Pyro toolkit for AI and robotics}",
journal = "AI Magazine",
volume = 27,
number = 1,
year = 2006,
pages = {39--50},
}

@inproceedings{Blank:ea:03,
author = "Douglas Blank and Lisa Meeden and Deepak Kumar",
title = "{Pyro robotics: An Environment for Exploring Robotics beyond LEGOs}",
booktitle = "ACM Special Interest Group: Computer Science Education Conference
            (preprints)",
year = 2003,
}

@article{Blei:ea:03,
author = "Blei, D. and Ng, A. and Jordan, M.",
title = "{Latent Dirichlet Allocation}",
journal = "Journal of Machine Learning Research",
volume = 3,
number = {4--5},
year = 2003,
pages = {993--1022},
}

@inproceedings{Boholm:Allwood:10,
author = "Boholm, M. and Allwood, J.",
title = "{Repeated head movements, their function and relation to speech}",
booktitle = "Workshop on Multimodal Corpora: Advances in Capturing, Coding and Analyzing Multimodality",
year = 2010,
}

@inproceedings{Bohus:Horvitz:09,
author = "Bohus, D. and Horvitz, E.",
title = "{Model for multiparty engagement in open-world dialogue}",
booktitle = "Proceedings of SIGDIAL 2009",
pages = {225--234},
year = 2009,
}

@article{Bonin:ea:14,
author = "Bonin, F. and Campbell, N. and Vogel, C.",
title = "Time for laughter",
journal = "Knowledge-Based Systems",
volume = 71,
pages = {15--24},
year = 2014,
}

@PhDthesis{Bonin:16,
author = "Bonin, F.",
title = "Content and Context in Conversations:
         The Role of Social and Situational Signals in Conversation Structure",
school = "Trinity College Dublin",
year = 2016
}

@article{Breazeal:03,
author = "C. Breazeal",
title = "{Toward sociable robots}",
journal = "Robotics and Autonomous Systems",
volume = 42,
pages = {167--175},
year = 2003,
}

Bunt, S. (2005). A framework for dialogue act specification. Fourth Workshop on Multimodal Semantic Representation (ACL-SIGSEM and ISO TC37/SC4), Tilburg.

@inproceedings{Brethes:ea:04,
author = "L. Brethes and P. Menezes and F. Lerasle and J. Hayet",
title = "Face tracking and hand gesture recognition for human-robot
                  interaction",
booktitle = "{Proceedings of IEEE International Conference on
                  Robotics and Automation}",
pages = {1901--1906},
year = "2004",
}

@inproceedings{Buscaldi:Rosso:06,
author = "Davide Buscaldi and Paolo Rosso",
title = "Mining Knowledge from {Wikipedia} for the Question Answering Task",
booktitle = "Proceedings of 5th Language Resources and Evaluation Conference (LREC 2006)",
address = "Genoa",
year = 2006,
}

@inproceedings{Campbell:Scherer:10,
author = "Nick Campbell and Stefan Scherer",
title = "Comparing Measures of Synchrony and Alignment
         in Dialogue Speech Timing with Respect to Turn-taking Activity",
booktitle = "Proceedings of 11th Annual Conference of the
             International Speech Communication Association (Interspeech 2010)",
address = "Makuhari, Japan",
year = 2010,
}

@article{Canny:86,
author = "Canny, J.",
title = "A Computational Approach to Edge Detection",
journal = "IEEE Transactions on Pattern Analysis and Machine Intelligence",
volume = 8,
number = 6,
pages = {679--698},
year = 1986,
}

@book{Chafe:07,
author = "W. Chafe",
title = "The Importance of Not Being Earnest: The feeling behind laughter and humor",
address = "Amsterdam",
publisher = "John Benjamins",
year = "1977"
}

W. Chafe, The Importance of not being earnest. The feeling behind laughter and humor., ser. Consciousness & Emotion Book Series. Amsterdam, The Nederlands: John Benjamins Pub. Comp., 2007, vol. 3.

@article{Chartrand:Bargh:99,
author = "Chartrand, T. L. and Bargh, J. A.",
title = "{The chameleon effect: The perception-behavior link and
                  social interaction}",
journal = "Journal of Personality and Social Psychology",
volume = 76,
pages = {893--910},
year = 1999,
}

@unpublished{Chelba:ea:12,
author = "Ciprian Chelba and Dan Bikel and Maria Shugrina and Patrick
                  Nguyen and Shankar Kumar",
title = "Large Scale Language Modeling in Automatic Speech
                  Recognition",
address = "Google, Mountain View, CA",
note = "\url{http://static.googleusercontent.com/media/research.google.com/en//pubs/archive/40491.pdf}",
year = "2012",
}

Clark, H.H. and Schaefer, E.F. (1989).
Contributing to Discourse.
Cognitive Science, 13, 259?94.

@article{ComputerWorld:13,
author = "{{ComputerWorld}}",
title = "{NAO robot can now speak 19 languages -- thanks to the cloud}",
journal = "ComputerWorld",
month = {October 30},
year = 2013,
}

@incollection{Crystal:75,
author = "Crystal, D.",
title = "Paralinguistics",
booktitle = "The body as a medium of expression",
editor = "J. Benthall and T. Polhemus",
publisher = "London: Institute of Conteporary Arts",
pages = "162--174",
year = 1975
}

@article{Csapo:Baranyi:12,
author = "Adam Csapo and Peter Baranyi",
title = "{A Unified Terminology for the Structure and Semantics of CogInfoCom Channels}",
journal = "Acta Polytechnica Hungarica",
volume = 9,
number = 1,
year = 2012,
pages = {85--105},
}

@unpublished{Csapo:ea:eNTERFACE:12,
author = "Adam Csapo and Emer Gilmartin and Jonathan Grizou and
          JingGuang Han and Raveesh Meena and Dimitra Anastasiou and
          Kristiina Jokinen and Graham Wilcock",
title = "Speech, Gaze and Gesturing: Multimodal Conversational
                  Interaction with {Nao} Robot. {Final} Report,
                  {eNTERFACE} 2012 Summer Workshop",
address = "Metz, France",
note = "\url{http://enterface12.metz.supelec.fr/results.php}",
year = "2012",
}
%%%note = "\url{http://enterface12.metz.supelec.fr/}",

@inproceedings{Csapo:ea:CogInfoCom:12,
author = "Adam Csapo and Emer Gilmartin and Jonathan Grizou and
          JingGuang Han and Raveesh Meena and Dimitra Anastasiou
          and Kristiina Jokinen and Graham Wilcock",
title = "Multimodal Conversational Interaction with a Humanoid
         Robot",
booktitle = "Proceedings of 3rd IEEE International Conference on
             Cognitive Infocommunications (CogInfoCom 2012)",
address = "Kosice",
pages = {667--672},
year = "2012",
}

@inproceedings{Csapo:ea:CogInfoCom:demo:12,
author = "Adam Csapo and Emer Gilmartin and Jonathan Grizou and
          JingGuang Han and Raveesh Meena and Dimitra Anastasiou
          and Kristiina Jokinen and Graham Wilcock",
title = "Open-Domain Conversation with a Nao Robot",
booktitle = "Proceedings of 3rd IEEE International Conference on
             Cognitive Infocommunications (CogInfoCom 2012)",
address = "Kosice",
pages = {685--686},
year = "2012",
}

@article{Dick:ea:09,
author = "Dick, A. S. and Goldin-Meadow, S. and Hasson, U. and Skipper, J. I. and Small, S. L.",
title = "{Co-speech gestures influence neural activity in brain regions associated with processing semantic information}",
journal = "Human Brain Mapping",
volume = 30,
number = 11,
year = 2009,
pages = {3509--3526},
}

@article{Donegan:ea:09,
author = "Donegan, M. and Morris, JD. and Corno, F. and Signorile,
                  I. and Chio, A. and Pasian, V. and Vignola, A. and
                  Buchholz, M. and Holmqvist, E.",
title = "{Understanding users and their needs}",
journal = "Universal Access in the Information Society",
volume = 8,
number = 4,
year = 2009,
pages = {259--275},
}

@book{Duncan:Fiske:77,
author = "Starkey Duncan and Donald Winslow Fiske",
title = "Face-to-face interaction: Research, methods and theory",
address = "Hillsdale NJ",
publisher = "Lawrence Erlbaum",
year = "1977"
}

@inproceedings{Dybala:ea:12,
author = "Pawel Dybala and Michal Ptaszynski and Rafal Rzepka and
                  Kenji Araki and Kohichi Sayama",
title = "Beyond Conventional Recognition: Concept of a Conversational
         System Utilizing Metaphor Misunderstanding as a Source of Humor",
booktitle = "Proceedings of 26th Annual Conference of the Japanese Society
             for Artificial Intelligence",
year = 2012,
}

@article{ELIZA:66,
author = "Joseph Weizenbaum",
title = "ELIZA - A Computer Program For the Study of Natural Language
                  Communication Between Man and Machine",
journal = "Communications of the ACM",
volume = 9,
number = 1,
year = 1966,
pages = {36--45},
}

@incollection{Endsley:00,
author = "Endsley, M.R.",
title = "Theoretical underpinnings of situation awareness: A critical
                  review",
booktitle = "Situation awareness analysis and measurement",
publisher = "LEA",
address = "Mahwah, NJ",
year = 2000
}

@inproceedings{Eskenazi:96,
author = "Eskenazi, M.",
title = "Detection of foreign speakers pronunciation errors for second
                  language training preliminary results",
booktitle = "Proceedings of International Conference on Spoken
                  Language Processing (ICSLP 1996)",
address = "Philadelphia",
year = 1996,
}

@inproceedings{Eskenazi:Hansma:98,
author = "Eskenazi, M.  and Hansma, S.",
title = "The {Fluency} pronunciation trainer",
booktitle = "Proceedings of the STiLL Workshop",
address = "Marholmen",
pages = {77--80},
year = 1998,
}

@book{Esposito:ea:10,
editor = "Anna Esposito and Nick Campbell and Carl Vogel and Amir
                  Hussain and Anton Nijholt",
title = "Development of Multimodal Interfaces: Active Listening and
                  Synchrony",
address = "Dublin",
publisher = "Springer",
year = "2010"
}

@incollection{Farneback:03,
author = "Gunnar {Farneb\"{a}ck}",
title = "Two-Frame Motion Estimation Based on Polynomial Expansion",
booktitle = "Image Analysis (Lecture Notes in Computer Science 2749)",
editor = "Josef Bigun and Tomas Gustavsson",
publisher = "Springer",
pages = "363--370",
year = 2003
}

@book{Feldman:Rim:91,
author = "Feldman, R.S. and Rim, B.",
title = "Fundamentals of Nonverbal Behavior",
address = "Cambridge",
publisher = "Cambridge University Press",
year = "1991"
}

@article{Ferrucci:12,
author = "David A. Ferrucci",
title = {Introduction to "{This is Watson}"},
journal = "IBM Journal of Research and Development",
volume = 56,
number = "3.4",
pages = "1:1--1:15",
year = 2012
}

@unpublished{Festival:11,
author = "{Centre for Speech Technology Research, University of Edinburgh}",
title = "{The Festival Speech Synthesis System}",
note = "\url{http://www.cstr.ed.ac.uk/projects/festival}",
year = 2011
}

@article{Fong:ea:03,
author = "Terrence Fong and Illah Nourbaksh and Kerstin Dautenhahn",
title = "A survey of socially interactive robots",
journal = "Robotics and Autonomous Systems",
volume = 42,
year = 2003,
pages = {143--166},
}

@inproceedings{Franz:Milch:02,
author = "Alexander Franz and Brian Milch",
title = "Searching the Web by Voice",
booktitle = "Proceedings of 19th International Conference on
             Computational Linguistics (COLING 2002)",
address = "Taipei",
pages = {1213--1217},
year = 2002,
}

@inproceedings{Fuchs:ea:12,
author = "Matthew Fuchs and Nikos Tsourakis and Manny Rayner",
title = "A Scalable Architecture for Web Deployment
         of Spoken Dialogue Systems",
booktitle = {Proceedings of Eighth International Conference on
                  Language Resources and Evaluation (LREC 2012)},
address = "Istanbul",
year = 2012,
}

@inproceedings{Fujie:ea:04,
author = "Fujie, S. and Fukushima, K. and Kobayashi, T.",
title = "A conversation robot with back-channel feedback function
                  based on linguistic and non-linguistic information",
booktitle = {Proceedings of 2nd International Conference on Autonomous
                  Robots and Agents (ICARA-2004)},
pages = {379--384},
year = 2004,
}

@inproceedings{Gabrilovich:Markovitch:07,
author = "Evgeniy Gabrilovich and Shaul Markovitch ",
title = "Computing semantic relatedness using {Wikipedia}-based
                  explicit semantic analysis",
booktitle = "IJCAI'07 Proceedings of the 20th International Joint
                  Conference on Artifical Intelligence",
pages = {1606--1611},
year = 2007,
}

@inproceedings{Galibert:ea:05,
author = "Galibert, O. and Illouz, G. and Rosset, S.",
title = "Ritel: An Open-Domain, Human-Computer Dialog System",
booktitle = {Proceedings of Interspeech-05},
year = 2005,
}

@inproceedings{Gasic:ea:13,
author = "M. Ga\v{s}i\'{c} and C. Breslin and M. Henderson and D. Kim
                  and M. Szummer and B. Thomson and P. Tsiakoulis and
                  S. Young",
title = "{On-line Policy Optimisation of Bayesian Spoken Dialogue
                  Systems via Human Interaction}",
booktitle = "Proceedings of 38th IEEE International Conference on
                  Acoustics,  Speech and Signal Processing",
year = 2013,
}

@inproceedings{Gilmartin:ea:13,
author = "Gilmartin, E. and Bonin, F. and Vogel, C. and Campbell, N. ",
title = "Laughter and Topic Transition in Multiparty Conversation",
booktitle = "Proceedings of the 14th Annual SIGdial Meeting on Discourse and Dialogue (SIGDIAL 2013)",
pages = {304--308},
address = "Metz",
year = 2013,
}

@book{Gonzales:Woods:10,
author = "Gonzales, Rafael C. and Woods, Richard E.",
title = "Digital Image Processing (3rd edition)",
publisher = "Pearson Education, Inc.",
year = "2010"
}

@article{Goodwin:00,
author = "Goodwin, C.",
title = "Action and embodiment within Situated Human Interaction",
journal = "Journal of Pragmatics",
volume = 32,
year = 2000,
pages = {1489--1522},
}

@article{Graesser:ea:05,
author = "Graesser, A.C. and Chipman, P. and Haynes, B.C. and Olney, A.",
title = "{AutoTutor}: An intelligent tutoring system with
                  mixed-initiative dialogue",
journal = "IEEE Transactions in Education",
volume = 48,
year = 2005,
pages = {612--618},
}


@inproceedings{Grappy:ea:12,
author = "Arnaud Grappy and Brigitte Grau and Sophie Rosset",
title = "{Methods combination and ML-based re-ranking of multiple
                  hypothesis for question-answering systems}",
booktitle = "Proceedings of the Workshop on Innovative Hybrid
                  Approaches to the Processing of Textual Data",
pages = {87--96},
year = 2012,
}

Grice, H.P. (1975). Logic and conversation. In Syntax and Semantics. Vol 3: Speech Acts, P. Cole and J.L. Morgan (eds), 41?58. New York: Academic Press.

@incollection{Griol:ea:11,
author = "Griol, D. and Gracia-Herrero, J. and Molina, J.M.",
title = "The {EducAgent} platform: Intelligent conversational agents for
                  e-learning applications",
booktitle = "Ambient Intelligence - Software and Applications.
                  Advances in Intelligent and Soft Computing Series,
                  Vol 92",
editor = "Novais, P. and Preuveneers, D. and Corchado, J.M.",
publisher = "Springer",
pages = {117--124},
year = 2011
}

@inproceedings{Groenroos:ea:15,
author = "Stig-Arne {Gr\"{o}nroos} and Kristiina Jokinen and Katri
                  Hiovain and Mikko Kurimo and Sami Virpioja",
title = "Low-resource Active Learning of {North S\'{a}mi}
                  Morphological Segmentation",
booktitle = {First International Workshop on Computational Linguistics
                  for Uralic Languages (IWCLUL-2015)},
address = "{Troms\o}",
year = "2015",
}

@article{Gullberg:Holmquist:99,
author = "Marianne Gullberg and Kenneth Holmqvist",
title = "What speakers do and what listeners look at.
         {A} comment on visual deixis and mimesis",
journal = "Pragmatics and Cognition",
volume = 7,
year = 1999,
pages = {35--63},
}

@unpublished{Gundlach:11,
author = "Michael Gundlach",
title = "{pyspeech: Python speech recognition and text-to-speech
          module for Windows}",
note = "\url{http://code.google.com/p/pyspeech/}",
year = 2011
}

@inproceedings{Han:ea:CogInfoCom:12,
author = "JingGuang Han and Nick Campbell and Kristiina Jokinen and
                  Graham Wilcock",
title = "Investigating the Use of Non-verbal Cues in Human-Robot
         Interaction with a {Nao} Robot",
booktitle = "Proceedings of 3rd IEEE International Conference on
             Cognitive Infocommunications (CogInfoCom 2012)",
address = "Kosice",
pages = {679--683},
year = 2012,
}

@inproceedings{Heeman:07,
author = "P. Heeman",
title = "Combining Reinforcement Learning with Information State
                  Update Rules",
booktitle = "Proceedings of the Human Language Technology Conference
                  of the North American Chapter of the Association for
                  Computational Linguistics",
address = "Rochester, USA",
pages = {268--275},
year = 2007,
}

@inproceedings{Higuchi:ea:08,
author = "Shinsuke Higuchi and Rafal Rzepka and Kenji Araki",
title = "A Casual Conversation System using Modality and
         Word Associations Retrieved from the Web",
booktitle = "Proceedings of the 2008 Conference on
             Empirical Methods in Natural Language Processing",
address = "Honolulu",
pages = {382--390},
year = 2008,
}

@inproceedings{Hiovain:Jokinen:16,
author = "Hiovain, K. and Jokinen, K.",
title = "Different Types of Laughter in {North Sami} Conversational Speech",
booktitle = "Proceedings of the LREC Workshop
             Just Talking - Casual Talk among Humans and Machines",
address = "Portoroz",
year = 2016,
}

@inproceedings{Hyrskykari:ea:05,
author = "Aulikki Hyrskykari and {P\"{a}ivi} Majaranta and Kari-Jouko
                  {R\"{a}ih\"{a}}",
title = "From gaze control to attentive interfaces",
booktitle = "Proceedings of 11th International Conference on
                  Human-Computer Interaction (HCII 2005)",
address = "Las Vegas",
year = 2005,
}

@proceedings{IR4QA:08,
editor = "Mark Greenwood",
title = "2nd Information Retrieval for Question Answering Workshop (IR4QA'08)",
note = "Workshop at COLING 2008",
address = "Manchester",
year = 2008
}

@inproceedings{Jelinek:ea:90,
author = "J. Jelinek and G. Wilcock and O. Nishida and T. Yoshimi and M. Bos and N. Tamura and H. Murakami",
title = "{Japanese-to-English Project PROTRAN \& TWINTRAN}",
booktitle = "13th International Conference on Computational
                  Linguistics (COLING-90), Proceedings Vol. 1",
address = "Helsinki",
pages = {50--53},
year = 1990
}

@inproceedings{Jeong:Chi:97,
author = "Heisawn Jeong and Michelene T.H. Chi",
title = "{Construction of shared knowledge during collaborative learning}",
booktitle = "Proceedings of the 2nd International Conference on Computer Support for Collaborative Learning",
pages = {130--134},
year = 1997
}

@book{Jokinen:94,
author = "Kristiina Jokinen",
title = "Response Generation in Information-Seeking Dialogues (PhD thesis)",
publisher = "University of Manchester",
year = 1994
}

@incollection{Jokinen:07,
author = "Kristiina Jokinen",
title = "User Interaction in Mobile Navigation Applications",
booktitle = "Map-based mobile services -
             usage context, interaction and application",
editor = "L. Meng and A. Zipf and S. Winter",
publisher = "Springer",
pages = {168--197},
year = 2007
}

@book{Jokinen:09,
author = "Kristiina Jokinen",
title = "Constructive Dialogue Modelling: Speech Interaction and
         Rational Agents",
publisher = "John Wiley \& Sons",
year = 2009
}

@incollection{Jokinen:IWSDS:10,
author = "Kristiina Jokinen",
title = "Rational Communication and Affordable Natural Language
                  Interaction for Ambient Environments",
booktitle = "The Second Workshop on Spoken Dialogue Systems Technology",
editor = "Nakamura, S. and Geunbae Lee, G. and Mariani, J. and Minker, W.",
publisher = "Springer",
pages = {163--168},
year = 2010
}

@incollection{Jokinen:10,
author = "Kristiina Jokinen",
title = "Pointing Gestures and Synchronous Communication Management",
booktitle = "Development of Multimodal Interfaces:
             Active Listening and Synchrony",
editor = "A. Esposito and N. Campbell and C. Vogel and
          A. Hussein and A. Nijholt",
publisher = "Springer",
pages = {33--49},
year = 2010
}

@inproceedings{Jokinen:11,
author = "Kristiina Jokinen",
title = "Turn taking, Utterance Density, and Gaze Patterns
         as Cues to Conversational Activity",
booktitle = "Proceedings of the International Conference on Multimodal
             Interaction (ICMI-2011) Workshop on Multimodal Corpora for
             Machine Learning (MMC)",
address = "Alicante, Spain",
year = 2011,
}

@incollection{Jokinen:15,
author = "Kristiina Jokinen",
title = "Bridging Gaps Between Planning and Open-Domain Spoken Dialogues",
booktitle = "Language Production, Cognition, and the Lexicon",
editor = "{N\'{u}ria} Gala and Reinhard Rapp and Gemma Bel-Enguix",
publisher = "Springer",
pages = {347--360},
year = 2015
}

@inproceedings{Jokinen:ea:98,
author = "Kristiina Jokinen and H. Tanaka and A. Yokoo",
title = "Context management with topics for spoken dialogue systems",
booktitle = "Proceedings of Joint International Conference of
                  Computational Linguistics and the Association for
                  Computational Linguistics (COLING-ACL'98)",
address = "Montreal, Canada",
pages = "631--637",
year = 1998,
}

@inproceedings{Jokinen:ea:IS:10,
author = "Kristiina Jokinen and K. Harada and M. Nishida and S. Yamamoto",
title = "Turn-alignment Using Eye-gaze and Speech in
         Conversational Interaction",
booktitle = "Proceedings of 11th International Conference on
              Spoken Language Processing (Interspeech 2010)",
address = "Makuhari, Japan",
year = 2010,
}

@inproceedings{Jokinen:ea:LREC:10,
author = {Kristiina Jokinen and M. Nishida and S. Yamamoto},
title = {Collecting and Annotating Conversational Eye-Gaze Data},
booktitle = {Proceedings of Multimodal Corpora: Advances in Capturing,
                  Coding and Analyzing Multimodality (MMC 2010)},
year = {2010},
address = {Valletta, Malta},
}

@inproceedings{Jokinen:ea:IWSDS:16,
author = "Kristiina Jokinen and Katri Hiovain and Niklas {Laxstr\"om} and Ilona Rauhala and Graham Wilcock",
title = "{DigiSami} and Digital Natives: Interaction Technology for the {North Sami} Language",
booktitle = {Proceedings of Seventh International Workshop on Spoken Dialogue Systems (IWSDS 2016)},
address = "Saariselk{\"a}",
year = 2016,
}

@inproceedings{Jokinen:Hurtig:06,
author = "Kristiina Jokinen and Topi Hurtig",
title = "User Expectations and Real Experience on a
         Multimodal Interactive System",
booktitle = "Proceedings of Ninth International Conference on
              Spoken Language Processing (Interspeech 2006)",
address = "Pittsburgh, USA",
year = 2006,
}

@book{Jokinen:McTear:09,
author = "Kristiina Jokinen and Michael McTear",
title = "Spoken Dialogue Systems",
address = "",
publisher = "Morgan \& Claypool",
year = 2009,
}

@inproceedings{Jokinen:Paerkson:11,
author = "Kristiina Jokinen and S. {P\"{a}rkson}",
title = "Synchrony and Copying in Conversational Interactions.",
booktitle = "The 3rd Nordic Symposium on Multimodal Interaction",
address = "Helsinki",
year = 2011,
}

@inproceedings{Jokinen:Scherer:12,
author = "Kristiina Jokinen and S. Scherer",
title = "Embodied Communicative Activity in Cooperative Conversational
         Interactions - Studies in Visual Interaction Management.",
booktitle = "Acta Polytechnica. Journal of Advanced Engineering",
year = 2012,
}

@inproceedings{Jokinen:Tenjes:12,
author = "Kristiina Jokinen and S. Tenjes",
title = "Investigating Engagement: Intercultural and technological aspects of the collection,
analysis, and use of {Estonian} Multiparty Conversational Video Data",
booktitle = {Proceedings of Eighth International Conference on
                  Language Resources and Evaluation (LREC 2012)},
address = "Istanbul",
year = 2012,
}

@inproceedings{Jokinen:Vanhasalo:09,
author = "Kristiina Jokinen and Minna Vanhasalo",
title = "Stand-up Gestures - Annotation for Communication Management",
booktitle = "Proceedings of the NoDaLiDa workshop on Multimodal Communication
             - from Human Behaviour to Computational Models.
             NEALT Proceedings Series, Vol. 6",
editor = "C. Navarretta and P. Paggio and J. Allwood and E. {Ahls\'{e}n}
          and Y. Katagiri",
pages = {15--20},
address = "Tartu",
year = 2009,
}

@incollection{Jokinen:Wilcock:03,
author = "Kristiina Jokinen and Graham Wilcock",
title = "Adaptivity and Response Generation in a Spoken Dialogue System",
booktitle = "Current and New Directions in Discourse and Dialogue
             (Text, Speech and Language Technology, Volume 22)",
publisher = "Kluwer Academic Publishers",
pages = {231--234},
year = 2003
}

@inproceedings{Jokinen:Wilcock:11,
author = "Kristiina Jokinen and Graham Wilcock",
title = "Emergent Verbal Behaviour in Human-Robot Interaction",
booktitle = "Proceedings of 2nd International Conference on
             Cognitive Infocommunications (CogInfoCom 2011)",
address = "Budapest",
year = 2011,
}

@inproceedings{Jokinen:Wilcock:LREC:12,
author = "Kristiina Jokinen and Graham Wilcock",
title = "Constructive Interaction for Talking about Interesting Topics",
booktitle = {Proceedings of Eighth International Conference on
                  Language Resources and Evaluation (LREC 2012)},
address = "Istanbul",
year = 2012,
}

@incollection{Jokinen:Wilcock:IWSDS:12,
author = "Kristiina Jokinen and Graham Wilcock",
title = "Multimodal Open-Domain Conversations with the {Nao} Robot",
booktitle = "Natural Interaction with Robots, Knowbots and
                  Smartphones: Putting Spoken Dialogue Systems into
                  Practice)",
editor = "Joseph Mariani and Sophie Rosset and Martine Garnier-Rizet
                  and Laurence Devillers",
publisher = "Springer",
pages = "213--224",
year = "2014",
}

@inproceedings{Jokinen:Wilcock:COLING:12,
author = "Kristiina Jokinen and Graham Wilcock",
  title     = {Multimodal Signals and Holistic Interaction
               Structuring},
  booktitle = {Proceedings of 24th International Conference on
               Computational Linguistics (COLING 2012)},
  year      = {2012},
  address   = {Mumbai},
  pages     = {527--538},
}
%  booktitle = {Proceedings of COLING 2012: Posters},
%  publisher = {The COLING 2012 Organizing Committee},
%  url       = {http://www.aclweb.org/anthology/C12-2052}

@inproceedings{Jokinen:Wilcock:COLING-Tutorial:12,
author = "Kristiina Jokinen and Graham Wilcock",
  title     = {Open-Domain Conversations with Humanoid Robots},
  booktitle = {COLING 2012 Tutorial},
  year      = {2012},
  address   = {24th International Conference on
               Computational Linguistics (COLING 2012), Mumbai},
}

@article{Jokinen:ea:12,
author = "Kristiina Jokinen and M.Nishida and S. Yamamoto",
title = "Modelling eye-gaze behaviour for interaction management",
journal = "ACM TiiS Journal",
year = 2012
}

@inproceedings{Jokinen:Wilcock:SIGDIAL:13,
author = "Kristiina Jokinen and Graham Wilcock",
  title     = {Open-Domain Information Access with Talking Robots},
  booktitle = {14th Annual SIGdial Meeting on Discourse and Dialogue:
  Proceedings of the SIGDIAL 2013 Conference},
  year      = {2013},
  address   = {Metz},
  pages     = {360--362},
}

@inproceedings{Jokinen:LREC:14,
author = "Kristiina Jokinen",
title = "Open-domain Interaction and Online Content in the Sami Language",
booktitle = {Proceedings of Ninth International Conference on
                  Language Resources and Evaluation (LREC 2014)},
address = "Reykjavik",
year = 2014,
}

@inproceedings{Jokinen:Wilcock:SLTU:14,
author = "Kristiina Jokinen and Graham Wilcock",
title = "Community-based Resource Building and Data Collection",
booktitle = {Proceedings of 4th Workshop on Spoken Language
                  Technologies for Under-resourced Languages (SLTU-2014)},
address = "St. Petersburg",
pages = "201--206",
year = 2014,
}

@book{Jolliffe:86,
author = "Jolliffe, I. T.",
title = "Principal Component Analysis",
address = "",
publisher = "Springer-Verlag",
year = 1986
}

@unpublished{Julius:11,
author = "{Julius Project Team, Nagoya Institute of Technology}",
title = "{Open-Source Large Vocabulary CSR Engine Julius}",
note = "\url{http://julius.sourceforge.jp/en}",
year = 2011
}

@inproceedings{Kabashima:ea:12,
author = "Kosuke Kabashima and Masafumi Nishida and Kristiina Jokinen
                  and Seiichi Yamamoto",
title = "Multimodal Corpus of Conversations in Mother Tongue and
                  Second Language by Same Interlocutors",
booktitle = {Proceedings of 4th Workshop on Eye Gaze in Intelligent
                  Human Machine Interaction},
address = "Santa Monica",
year = 2012,
}

@inproceedings{Khalifa:ea:15,
author = "AlBara Khalifa and Tomoya Tanizoe and Mitsuru Ishida and Tsuneo Katou and Seiichi Yamamoto",
title = "Joining-in-type Humanoid Robot Assisted Language Learning Systems",
booktitle = {Forum on Information Technology (FIT 2015)},
address = "Matsuyama, Japan",
year = 2015,
}

@article{Kanda:ea:04,
author = "T. Kanda and T. Hirano and D. Eaton and H. Ishiguro",
title = "Interactive robots as social partners and peer tutors for
                  children: A field trial",
journal = "Human-Computer Interaction",
volume = 19,
number = {1--2},
pages = {61--84},
year = 2004
}

@inproceedings{Kazama:Torisawa:07,
author = "Juni'ichi Kazama and Kentaro Torisawa",
  title     = {Exploiting {Wikipedia} as External Knowledge for
               Named Entity Recognition},
  booktitle = {Proceedings of the 2007 Joint Conference on
               Empirical Methods in Natural Language Processing and
               Computational Natural Language Learning},
  year      = {2007},
  address   = {Prague},
  pages     = {698--707},
}

@article{Kendon:67,
author = "Adam Kendon",
title = "Some functions of gaze-direction in social interaction",
journal = "Acta Psychologica",
volume = 26,
pages = {22--63},
year = 1967
}

@book{Kendon:90,
author = "Adam Kendon",
title = "Conducting Interaction: Patterns of Behavior in
         Focused Encounters",
address = "",
publisher = "Cambridge University Press",
year = 1990
}

@book{Kendon:04,
author = "Adam Kendon",
title = "Gesture: Visible action as utterance",
address = "",
publisher = "Cambridge University Press",
year = 2004
}

@incollection{Kendon:10,
author = "Adam Kendon",
title = "Spacing and orientation in co-present interaction",
booktitle = "Lecture Notes in Computer Science, 5967",
publisher = "Springer",
pages = {1--15},
year = 2010
}

@incollection{Kersey:ea:AIinEdu:09,
author = "Cynthia Kersey and Barbara {Di Eugenio} and Pamela Jordan and Sandra Katz",
title = "Knowledge co-construction and initiative in peer learning interactions",
booktitle = "Artificial Intelligence in Education: Building Learning Systems that Care:
             from Knowledge Representation to Affective Modelling",
publisher = "IOS Press",
pages = {325--332},
year = 2009
}

@inproceedings{Kersey:ea:NLP4Edu:09,
author = "Cynthia Kersey and Barbara {Di Eugenio} and Pamela Jordan and Sandra Katz",
title = "{KSC-PaL}: a peer learning agent that encourages students to take the initiative",
booktitle = "Proceedings of the Fourth Workshop on Innovative Use of NLP
             for Building Educational Applications",
address = "",
pages = {55--63},
year = 2009,
}

@inproceedings{Kirschner:07,
author = "Manuel Kirschner",
title = "Applying a Focus Tree Model of Dialogue Context to
                  Interactive Question Answering",
booktitle = "Proceedings of ESSLLI'07 Student Session",
address = "Dublin, Ireland",
year = 2007,
}

@inproceedings{Kirschner:Bernardi:09,
author = "Manuel Kirschner and Raffaella Bernardi",
title = "Exploring Topic Continuation Follow-up Questions using
                  Machine Learning",
booktitle = "Proceedings of NAACL HLT 2009: Student Research Workshop",
address = "Boulder, Colorado",
year = 2009,
}

@inproceedings{Koller:ea:12,
author = "Koller, A. and Garoufi, K. and Staudte, M. and Crocker, M.",
title = "Enhancing referential success by tracking hearer gaze",
booktitle = "Proceedings of the 13th Annual Meeting of the
             Special Interest Group on Discourse and Dialogue (SIGdial)",
address = "Seoul, South Korea",
pages = {},
year = 2012,
}

@article{Krahmer:Swerts:07,
author = "Krahmer, E. and Swerts, M.",
title = "{The effects of visual beats on prosodic prominence:
Acoustic analyses, auditory perception and visual perception}",
journal = "Journal of Memory and Language",
volume = 57,
number = 3,
year = 2007,
pages = {396--414},
}

@book{Kruskal:Wish:78,
author = "Kruskal, J. B. and Wish, M.",
title = "Multidimensional Scaling",
note = "Sage University Paper series on Quantitative Application in the Social Sciences, 07-011",
address = "Beverly Hills and London",
publisher = "Sage Publications",
year = "1978"
}

Kruskal, J. B., and Wish, M. (1978), Multidimensional Scaling, Sage University Paper series on Quantitative Application in the Social Sciences, 07-011. Beverly Hills and London: Sage Publications.

@inproceedings{Lai:ea:12,
author = "K. Lai and J. Konrad and P. Ishwar",
title = "A Gesture-driven Computer Interface using {Kinect}",
booktitle = "Image Analysis and Interpretation (SSIAI 2012)",
address = "",
pages = {185--188},
year = 2012,
}

@inproceedings{Laxstrom:ea:14,
author = "Niklas {Laxstr\"{o}m} and Kristiina Jokinen and Graham Wilcock",
title = "Situated Interaction in a Multilingual Spoken Information
                  Access Framework",
booktitle = "Proceedings of the Fifth International Workshop on Spoken
                  Dialog Systems (IWSDS 2014)",
address = "Napa, California.",
year = 2014,
}

@inproceedings{Laxstrom:ea:IWSDS:16,
author = {Niklas {Laxstr\"om} and Graham Wilcock and Kristiina Jokinen},
title = {Internationalisation and localisation of spoken dialogue systems},
booktitle = {Proceedings of Seventh International Workshop on Spoken Dialogue Systems (IWSDS 2016)},
address = "Saariselk{\"a}",
year = 2016,
}

@inproceedings{Lee:ea:07,
author = "Lee, J. and Marsella, T. and Traum, D. and Gratch, J. and Lance, B.",
title = "{The Rickel Gaze Model: A Window on the Mind of a Virtual Human}",
booktitle = "Proceedings of the 7th International Conference on
             Intelligent Virtual Agents (IVA-2007).
             Springer Lecture Notes in Artificial Intelligence 4722",
address = "SpringerVerlag Berlin Heidelberg.",
pages = {296--303},
year = 2007,
}

@article{Lee:ea:11,
author = "Sungjin Lee and Hyungjong Noh and Jonghoon Lee and Kyusong Lee and
          Gary Geunbae Lee and Seongdae Sagong and Munsang Kim",
title = "{On the effectiveness of Robot-Assisted Language Learning}",
journal = "ReCALL",
volume = 23,
number = 01,
year = 2011,
pages = {25--58},
}

@inproceedings{Levitan:ea:12,
author = "Rivka Levitan and {Agust\'n} Gravano and Laura Willson and Stefan {Benus} and Julia Hirschberg and Ani Nenkova",
title = "Acoustic-Prosodic Entrainment and Social Behavior",
booktitle = "2012 Conference of the North American Chapter of the
Association for Computational Linguistics: Human Language Technologies",
address = "Montreal, Canada",
pages = {11--19},
year = 2012,
}

@inproceedings{Levitski:ea:12,
author = "A. Levitski and J. Radun and Kristiina Jokinen",
title = "Visual Interaction and Conversational Activity",
booktitle = "Proceedings of the 4th Workshop on Eye Gaze in
                  Intelligent Human Machine Interaction: Eye Gaze and
                  Multimodality",
address = "Santa Monica, USA",
year = 2012,
}

@inproceedings{Leuski:ea:06,
author = "Leuski, A. and Patel, R. and Traum, D. and Kennedy, B.",
title = "Building effective question answering characters",
booktitle = "Proceedings of the 7th Annual Meeting of the
             Special Interest Group on Discourse and Dialogue (SIGdial)",
address = "Sydney, Australia",
pages = {},
year = 2006,
}

@PhDthesis{Lison:14,
author = "Pierre Lison",
title = "Structured Probabilistic Modelling for Dialogue Management",
school = "University of Oslo",
year = 2014
}

@inproceedings{Litman:Silliman:04,
 author = {Litman, Diane J. and Silliman, Scott},
 title = {ITSPOKE: An Intelligent Tutoring Spoken Dialogue System},
 booktitle = {Demonstration Papers at HLT-NAACL 2004},
 series = {HLT-NAACL--Demonstrations '04},
 year = {2004},
 location = {Boston, Massachusetts},
 pages = {5--8},
 numpages = {4},
 url = {http://dl.acm.org/citation.cfm?id=1614025.1614027},
 acmid = {1614027},
 publisher = {Association for Computational Linguistics},
 address = {Stroudsburg, PA, USA},
}

@article{vanderMaaten:Hinton:08,
  author={van der Maaten, Laurens and Hinton, Geoffrey},
  title={Visualizing data using {t-SNE}},
  journal={The Journal of Machine Learning Research},
  volume={9},
  pages={2579--2605},
  year={2008}
}

@article{Magnusson:00,
author = "Magnus S Magnusson",
title = "{Discovering hidden time patterns in behavior:
T-patterns and their detection}",
journal = "Behavior, Research Methods, Instruments \& Computers",
volume = 32,
year = 2000,
pages = {93--110},
}

Mancini, M., Castellano, G., Bevacqua, E. and Peters, C. (2007). Copying Behaviour of Expressive Motion. In Lecture Notes in Computer Science, Computer Vision/Computer Graphcs Collaboration Techniques, 4418:180-191.

@article{Mann:Thompson:88,
author = "William C. Mann and Sandra Thompson",
title = "Rhetorical structure theory: Toward a functional theory of text organization",
journal = "Text",
volume = 8,
number = 3,
pages = {243--281},
year = 1988
}

@inproceedings{Matsuyama:ea:11,
author = "Matsuyama, Y. and Xu, Y. and Saito, A. and Fujie, S. and
                  T. Kobayashi",
title = "Multiparty Conversation Facilitation Strategy Using
                  Combination of Question Answering and Spontaneous
                  Utterances",
booktitle = "Proceedings of the Paralinguistic Information and
             its Integration in Spoken Dialogue Systems Workshop",
address = "Granada",
pages = {103--111},
year = 2011
}

@inproceedings{Mazur:ea:11,
author = "Michal Mazur and Rafal Rzepka and Kenji Araki",
title = "Proposal for a Conversational {English} Tutoring System
         that Encourages User Engagement",
booktitle = "Proceedings of 19th International Conference on
              Computers in Education",
address = "Chang Mai",
year = 2011,
}

@incollection{McCoy:Cheng:91,
author = "Kathleen F. McCoy and Jeannette Cheng",
title = "Focus of attention: Constraining what can be said next",
booktitle = "Natural Language Generation in Artificial Intelligence
             and Computational Linguistics)",
editor = "C.L. Paris and W.R. Swartout and W.C. Mann",
publisher = "Kluwer Academic Publishers",
pages = {103--124},
year = 1991
}

@inproceedings{McTear:98,
author = "Michael McTear",
title = "Modelling spoken dialogues with state transition diagrams:
experiences with the {CSLU} toolkit",
booktitle = "Proceedings of 5th International Conference on
             Spoken Language Processing",
address = "Sydney",
year = 1998
}

@inproceedings{Meena:ea:CogInfoCom:12,
author = "Raveesh Meena and Kristiina Jokinen and Graham Wilcock",
title = "Integration of Gestures and Speech in Human-Robot Interaction",
booktitle = "Proceedings of 3rd IEEE International Conference on
             Cognitive Infocommunications (CogInfoCom 2012)",
address = "Kosice",
pages = {673--678},
year = "2012",
}

@inproceedings{Mihalcea:Csomai:07,
author = "Rada Mihalcea and Andras Csomai",
title = "Wikify! {Linking} Documents to Encyclopedic Knowledge",
booktitle = "Proceedings of the 16th ACM Conference on Information and
                  Knowledge Management (CIKM 2007)",
address = "Lisbon",
pages = {233--242},
year = "2007",
}

@inproceedings{Mika:ea:99,
author = "Mika, S.",
title = "Fisher Discriminant Analysis with Kernels",
booktitle = "IEEE Conference on Neural Networks for Signal Processing IX",
pages = {41--48},
year = "1999",
}
Mika, S.; et al. (1999). "Fisher Discriminant Analysis with Kernels". IEEE Conference on Neural Networks for Signal Processing IX: 41–48.

@inproceedings{Milne:Witten:08,
author = "David Milne and Ian Witten",
title = "Learning to Link with {Wikipedia}",
booktitle = "Proceedings of the 17th ACM Conference on Information and
                  Knowledge Management (CIKM 2008)",
address = "Napa Valley",
pages = {509--518},
year = "2008",
}

@article{Milne:Witten:13,
author = "David Milne and Ian Witten",
title = "An open-source toolkit for mining {Wikipedia}",
journal = "Artificial Intelligence",
volume = 194,
pages = {222--239},
year = "2013",
}

@inproceedings{Misu:ea:11,
author = "Teruhisu Misu and Etsuo Mizumaki and Yoshinori Shiga and
          Shinichi Kawamoto and Hisashi Kawai and Satoshi Nakamura",
title = "Analysis on Effects of Text-to-speech and Avatar Agent on
         Evoking Users' Spontaneous Listener's Reactions",
booktitle = "Proceedings of the Paralinguistic Information and
             its Integration in Spoken Dialogue Systems Workshop",
address = "Granada",
pages = {77--89},
year = 2011
}

@inproceedings{Misu:Kawahara:07,
author = "Teruhisu Misu and Kawahara, T.",
title = "Speech-based Interactive Information Guidance System Using
                  Question-Answering Technique",
booktitle = "Proceedings of ICASSP",
year = 2007
}

@inproceedings{Montemayor:ea:00,
author = "J. Montemayor and H. Alborizi and A. Druin and J. Hendler
                  and D. Pollack and J. Porteous and L. Sherman and
                  A. Afework and J. Best and J. Hammer and A. Kruskal
                  and A. Lal",
title = "From PETS to storykit: Creating new technology with and
                  intergenerational design team",
booktitle = "Proceedings of the Workshop on Interactive Robots and
                  Entertainment (WIRE)",
address = {Pittsburgh},
year = 2000
}

@inproceedings{Montemerlo:ea:02,
author = "M. Montemerlo and J. Pineau and N. Roy and S. Thrun and V. Verma",
title = "Experiences with a mobile robotic guide for the elderly",
booktitle = "Proceedings of AAAI National Conference on Artificial
                  Intelligence",
year = 2002
}

@article{Mori:12,
author = "Masahiro Mori",
title = "{The Uncanny Valley}",
note = "K.F. MacDorman and N. Kageki (trans.)",
journal = "IEEE Robotics and Automation Magazine",
volume = 19,
number = 2,
year = "1970/2012",
pages = {98--100},
}

@article{Munhall:ea:03,
author = "K. G. Munhall and J. A. Jones and D. E. Callan and T.
                  Kuratate and E. Vatikiotis-Bateson",
title = "{Visual prosody and speech intelligibility: Head movement
                  improves auditory speech perception}",
journal = "Psychological Science",
volume = 15,
number = 2,
year = 2003,
pages = {133--137},
}

@inproceedings{Navarretta:ea:12,
author = {Costanza Navarretta and Elisabeth {Ahls\'{e}n} and Jens Allwood
                  and Kristiina Jokinen and Patrizia Paggio},
title = {Feedback in {Nordic} First-Encounters: a Comparative Study},
booktitle = {Proceedings of Eighth International Conference on
                  Language Resources and Evaluation (LREC 2012)},
year = {2012},
address = {Istanbul},
}

@inproceedings{Nagai:ea:12,
author = {Yu Nagai and Tomohisa Senzai and Seiichi Yamamoto and Masafumi Nishida},
title = {Sentence Classification with Grammatical Errors and
         Those out of Scope of Grammar Assumption for Dialogue-based {CALL} Systems},
booktitle = {Text, Speech and Dialogue: 15th International Conference, TSD 2012, Brno},
year = {2012},
address = {Brno},
}

@incollection{Nakano:Nishida:07,
author = "Nakano, Y. and Nishida, T.",
title = "Attentional Behaviours as Nonverbal Communicative Signals in Situated Interactions with Conversational Agents",
booktitle = "Engineering Approaches to Conversational Informatics",
editor = "Nishida, T.",
publisher = "John Wiley",
pages = {},
year = 2007
}

@unpublished{NewYorkTimes:11,
author = "{{New York Times}}",
title = "{Pointing With Your Eyes, to Give the Mouse a Break}",
note = "\url{http://www.nytimes.com/2011/03/27/business/27novel.html?\_r=2}",
month = "March 26",
year = 2011
}

@article{Nwokah:ea:99,
author = "Eva E. Nwokah and Hui-Chin Hsu and Patricia Davies and Alan Fogel",
title = "The integration of laughter and speech in vocal communication:
         a dynamic sys-tems perspective",
journal = "Journal of Speech, Language and Hearing Research",
volume = 42,
year = 1999,
pages = {880--894},
}

@inproceedings{Okonogi:ea:15,
author = {Kenichi Okonogi and Graham Wilcock and Seiichi Yamamoto},
title = "{Nihongo WikiTalk no kaihatsu (Development of Japanese WikiTalk)}",
booktitle = {Forum on Information Technology (FIT 2015)},
year = {2015},
address = {Matsuyama, Japan},
note = "(in Japanese)"
}

@unpublished{OpenHRI:11,
author = "{Yosuke Matsusaka}",
title = "{OpenHRI Manual}",
note = "\url{http://www.openhri.net/doc/}",
year = 2011
}

@unpublished{OpenJTalk:11,
author = "{Open JTalk Development Team}",
title = "{Open JTalk}",
note = "\url{http://open-jtalk.sourceforge.net}",
year = 2011
}

@unpublished{OpenRTM:11,
author = "{National Institute of Advanced Industrial Science and
                  Technology (AIST)}",
title = "{RT-Middleware: OpenRTM-aist}",
note = "\url{http://www.openrtm.org/}",
year = 2011
}

@inproceedings{Padilha:Carletta:03,
author = "Padilha, E. G. and Carletta, J.",
title = "Nonverbal behaviours improving a simulation of
         small group discussion",
booktitle = "Proceedings of the First International Nordic Symposium
             of Multi-modal Communication",
pages = "",
address = ", Copenhagen, Denmark",
year = 2003
}

@inproceedings{Paggio:ea:10,
author = {Patrizia Paggio and Jens Allwood and Elisabeth Ahls\'{e}n and
                  Kristiina Jokinen and Costanza Navarretta},
title = {The {NOMCO} {Multimodal Nordic Resource - Goals and Characteristics}},
booktitle = {Proceedings of Seventh International Conference on
                  Language Resources and Evaluation (LREC 2010)},
year = {2010},
address = {Valletta, Malta},
pages = "2968--2973",
}

@article{Pickering:Garrod:04,
author = "Pickering, M. and Garrod",
title = "{Towards a mechanistic psychology of dialogue}",
journal = "Behavioral and Brain Sciences",
volume = 27,
year = 2004,
pages = {169--226},
}

@article{Pollack:05,
author = "M. E. Pollack",
title = "{Intelligent technology for an aging population: The use of
                  AI to assist elders with cognitive impairment}",
journal = "AI Magazine",
volume = 26,
number = 2,
year = 2005,
pages = {9--24},
}

@inproceedings{Qu:Chai:09,
author = "Qu, S. and Chai, J.",
title = "The Role of Interactivity in Human-Machine Conversation
         for Automatic Word Acquisition",
booktitle = "Proceedings of the SIGDIAL Conference 2009",
pages = "188--195",
address = "",
year = 2009
}

@inproceedings{Quek:94,
author = "F. Quek",
title = "Toward a vision-based hand gesture interface",
booktitle = "Proceedings of the Virtual Reality System Technology Conference",
pages = "17--29",
address = "Singapore",
year = 1994
}

@inproceedings{Quigley:ea:09,
author = "Morgan Quigley and Brian Gerkey and Ken Conley and Josh
                  Faust and Tully Foote and Jeremy Leibs and Eric
                  Berger and Rob Wheeler and Andrew Y. Ng",
title = "{ROS}: An Open-Source Robot Operating System",
booktitle = "Proceedings of 2009 IEEE International Conference on
                  Robotics and Automation",
address = "Kobe",
year = 2009
}

@inproceedings{Rehurek:LREC:10,
      title = {{Software Framework for Topic Modelling with Large Corpora}},
      author = {Radim {\v R}eh{\r u}{\v r}ek and Petr Sojka},
      booktitle = {{Proceedings of the LREC 2010 Workshop on New
           Challenges for NLP Frameworks}},
      pages = {45--50},
      year = 2010,
      address = {Valletta, Malta},
}

@unpublished{Rehurek:14,
author = "Radim {\v R}eh{\r u}{\v r}ek",
title = "{Experiments on the English Wikipedia}",
note = "In Gensim Tutorial (\url{http://radimrehurek.com/gensim/wiki.html)}",
year = "2014",
}

@article{Robins:ea:04,
author = "B. Robins and P. Dickerson and P. Stribling and K. Dautenhahn",
title = "{Robot-mediated joint attention in children with autism: A
                  case study in robot-human interaction}",
journal = "Interaction Studies",
volume = 5,
number = 2,
year = 2004,
pages = {161--198},
}

@misc{ROS:Wikipedia,
author = "Wikipedia",
title = "{Robot Operating System --- Wikipedia{,} The Free Encyclopedia}",
year = "2016",
url = "\url{https://en.wikipedia.org/w/index.php\?title=Robot_Operating_System&oldid=734773215}",
note = "\url{https://en.wikipedia.org/wiki/Robot_Operating_System} [Online; accessed 24-August-2016]"
 }

@inproceedings{Rosset:ea:06,
author = "Sophie Rosset and Olivier Galibert and Gabriel Illouz and A. Max ",
title = "Integrating Spoken Dialogue and Question Answering:
         The {RITEL} Project.",
booktitle = "Proceedings of InterSpeech '06",
address = "Pittsburgh",
year = 2006
}

@inproceedings{Saatmann:Jokinen:14,
author = "Saatmann, P. and Jokinen, K.",
title = "Experiments With Hand-tracking Algorithm in Video Conversations",
booktitle = "Proceedings of 2nd European and 5th Nordic Symposium on Multimodal Communication",
address = "Tartu, Estonia",
year = 2014
}

@article{Salem:ea:12,
author = "Salem, M. and Kopp, S. and Wachsmuth, I. and Rohlfing,
                  K. and Joublin, F.",
title = "Generation and Evaluation of Communicative Robot Gesture",
journal = "Journal of  Social Robotics",
volume = 4,
number = 2,
year = 2012,
pages = {201--217},
}

@inproceedings{Salem:ea:13,
author       = {Salem, Maha and Kopp, Stefan and Joublin, Frank},
pages        = {219--220},
publisher    = {ACM Press},
booktitle    = {Proceedings of the 8th ACM/IEEE international
                  conference on Human-robot interaction},
title        = {Generating finely synchronized gesture and speech
                  for humanoid robots: a closed-loop approach},
year         = {2013},
}

@inproceedings{Schatzmann:ea:07,
author = "J. Schatzmann and B. Thomson and K. Weilhammer and H. Ye and
                  S. Young",
title = "Agenda-based User Simulation for Bootstrapping a {POMDP}
                  Dialogue System",
booktitle = "Proceedings of the Human Language Technology Conference
                  of the North American Chapter of the Association for
                  Computational Linguistics",
address = "Rochester, USA",
pages = {149--152},
year = 2007,
}

@article{Schroeder:ea:12,
author = "{Schr\"{o}der}, M. and Bevacqua, E. and Cowie, R. and
           Eyben, F. and Gunes, H. and Heylen, D. and ter Maat, M. and
           McKeown, G. and Pammi, S. and Pantic, M. and
           Pelachaud, C. and Schuller, B. and de Sevin, E. and
           Valstar, M. and {W\"{o}llmer}, M.",
title = "{Building Autonomous Sensitive Artificial Listeners}",
journal = "IEEE Transactions on Affective Computing",
volume = 3,
number = 2,
year = 2012,
pages = {165--183},
}

@book{Sinclair:Mauranen:06,
author = "John McH. Sinclair and Anna Mauranen",
title = "Linear Unit Grammar: Integrating speech and writing",
address = "Amsterdam",
publisher = "John Benjamins",
year = "2006"
}

@inproceedings{Staudte:Crocker:09,
author = "Staudte, M. and Crocker, M.W.",
title = "{Visual attention in spoken human-robot interaction}",
booktitle = "Proceedings of the 4th ACM/IEEE International Conference
                  on Human Robot Interaction (HRI '09)",
pages = {77--84},
year = 2009
}

@article{Suzuki:Abe:85,
author = "Suzuki, Satoshi and Abe, Keiichi",
title = "Topological Structural Analysis of Digitized Binary Images by Border Following",
journal = "Computer Vision, Graphics, and Image Processing",
volume = 30,
year = 1985,
pages = {32--46},
}

@inproceedings{Swartout:ea:10,
author = "Swartout, W. and Traum, D. and Artstein, R. and
          Noren, D. and Debevec, P. and Bronnenkant, K. and
          Williams, J. and Leuski, A. and Narayanan, S. and Piepol, D.",
title = "{Ada and Grace: Toward realistic and engaging virtual museum guides}",
booktitle = "International Conference on Intelligent Virtual Agents (IVA)",
pages = {286--300},
year = 2010
}

@article{Swerts:Geluykens:94,
author = "Mark Swerts and Ronald Geluykens",
title = "{Prosody as a Marker of Information
Flow in Spoken Discourse}",
journal = "Language and Speech",
volume = 37,
year = 1994,
pages = {21--43},
}

@inproceedings{Tanaka:Campbell:11,
author = "Tanaka, H. and Campbell, N.",
title = "Acoustic Features of Four Types of Laughter in Natural Conversational Speech",
booktitle = "Proceedings of XVIIth ICPhS",
address = "Hong Kong",
year = 2011
}

@article{Tenenbaum:ea:00,
author = "J. B. Tenenbaum and V. de Silva and J. C. Langford",
title = "A Global Geometric Framework for Nonlinear Dimensionality Reduction",
journal = "Science",
volume = 290,
year = 2000,
pages = {2319--2323},
}

@inproceedings{Toivio:Jokinen:12,
author = "Toivio, E. and Jokinen, K.",
title = "{Multimodal Feedback Signaling in Finnish}",
booktitle = "Proceedings of the Fifth International Conference: Human
                  Language Technologies - The Baltic Perspective",
address = "Tartu, Estonia",
pages = {},
year = 2012
}
%This article is published online with Open Access by IOS Press and distributed
%under the terms of the Creative Commons Attribution Non-Commercial License.
%doi:10.3233/978-1-61499-133-5-247

@article{Tschacher:Haken:07,
author = "Tschacher, W. and Haken, H.",
title = "{Intentionality in non-equilibrium systems:
          The functional aspects of self-organized pattern formation}",
journal = "New Ideas in Psychology",
volume = 25,
year = 2007,
pages = {1--15},
}

Tschacher, W. and Junghan, U. (2008). Psychopathology. In Guastello, S.J., Koopmans, M., and Pincus. D. (Eds.). Chaos and Complexity in Psychology - The Theory of Nonlinear Dynamical Systems, pages 307-334.

@book{Tomasello:92,
author = "Tomasello, M.",
title = "First verbs: A case study of early grammatical development",
address = "Cambridge",
publisher = "Cambridge University Press",
year = "1992"
}

@inproceedings{Trouvain:03,
author = "Trouvain, J.",
title = "{Segmenting phonetic units in laughter}",
booktitle = "Proceedings of XVth ICPhS",
address = "Barcelona",
pages = {2793--2796},
year = 2003,
}

@article{Truong:vanLeeuwen:07,
author = "Truong, K. P. and van Leeuwen, D. A.",
title = "{Automatic discrimination between laughter and speech}",
journal = "Speech Communication",
volume = 49,
number = 2,
year = 2007,
pages = {144--158},
}

@inproceedings{VanLehn:ea:05,
author = "Kurt VanLehn and Art Graesser and G. Tanner Jackson and Pamela Jordan
          and Andrew Olney and Carolyn P. Ros\'{e}",
title = "When is Reading Just as Effective as One-on-One Interactive Human Tutoring?",
booktitle = "Proceedings of the 27th Annual Meeting of the Cognitive Science Society",
address = "Tartu",
pages = {2259--2264},
year = 2005,
}

@article{Vapnik:95,
author = "Vapnik, V.",
title = "Support-vector networks",
journal = "Machine Learning",
volume = 20,
number = 3,
year = 1995,
pages = {273--},
}

@inproceedings{Vels:Jokinen:14,
author = "Martin Vels and Kristiina Jokinen",
title = "Recognition of Human Body Movements for Studying Engagement in Conversational Video Files",
booktitle = "Proceedings of 2nd European and 5th Nordic Symposium on Multimodal Communication",
address = "Tartu, Estonia",
year = 2014,
}

@article{Vertegaal:03,
author = "Vertegaal, R.",
title = "{Attentive user interfaces}",
journal = "Communications of the ACM",
volume = 46,
number = 3,
year = 2003,
pages = {30--33t},
}

@article{Viola:Jones:04,
author = "P. Viola and M. J. Jones",
title = "{Robust real-time face detection}",
journal = "International journal of computer vision",
volume = 57,
number = 2,
year = 2004,
pages = {137--154},
}

@inproceedings{Walker:ea:97,
author = "Walker, M. and Litman, D. and Kamm, C. and Abella, A.",
title = "{PARADISE}: A framework for evaluating spoken dialogue
                  agents",
booktitle = "Proceedings of the 35th Annual Meeting of the Association
                  for Computational Linguistics",
address = "Madrid",
year = 1997
}

@inproceedings{Werry:ea:01,
author = "I. Werry and K. Dautenhahn and B. Ogden and W. Harwin",
title = "Can social interaction skills be taught by a social agent?
                  The role of a robotic mediator in autism therapy",
booktitle = "Proceedings of Fourth International Conference on
                  Cognitive Technology",
address = "Warwick",
pages = "371--376",
publisher = "Springer",
year = 2001
}

@inproceedings{Wilcock:QACD:12,
author = "Graham Wilcock",
title = "{WikiTalk}: A Spoken {Wikipedia}-based Open-Domain
         Knowledge Access System",
booktitle = "Proceedings of the COLING 2012 Workshop on
             Question Answering for Complex Domains",
address = "Mumbai",
pages = "57--69",
year = "2012",
}
%  booktitle = {Proceedings of the Workshop on Question
%               Answering for Complex Domains},
%  publisher = {The COLING 2012 Organizing Committee},
%  url       = {http://www.aclweb.org/anthology/W12-6006}

@inproceedings{Wilcock:Jokinen:01,
author = "Graham Wilcock and Kristiina Jokinen",
title = "Design of a Generation Component for a Spoken Dialogue System",
booktitle = "Proceedings of the Sixth Natural Language Processing
                  Pacific Rim Symposium (NLPRS 2001)",
address = "Tokyo",
pages = {545--550},
year = 2001
}

@inproceedings{Wilcock:Jokinen:11,
author = "Graham Wilcock and Kristiina Jokinen",
title = "Adding Speech to a Robotics Simulator",
booktitle = "Proceedings of the Paralinguistic Information and
             its Integration in Spoken Dialogue Systems Workshop",
address = "Granada",
pages = "371--376",
year = 2011
}

@inproceedings{Wilcock:Jokinen:CogInfoCom:13,
author = "Graham Wilcock and Kristiina Jokinen",
title = "Towards Cloud-based Speech Interfaces for Open-Domain {CogInfoCom} Systems",
booktitle = "Proceedings of 4th IEEE International Conference on
             Cognitive Infocommunicaitons (CogInfoCom 2013)",
address = "Budapest",
pages = "413--418",
year = 2013
}

@inproceedings{Wilcock:Jokinen:ICMI:14,
author = "Graham Wilcock and Kristiina Jokinen",
title = "Advances in {Wikipedia-based} Interaction with Robots",
booktitle = "Proceedings of the ICMI 2014 Workshop on Multimodal
                  Multiparty Human-Robot Interaction",
address = "Istanbul",
year = 2014
}

@inproceedings{Wilcock:Jokinen:SIGDIAL:15,
author = "Graham Wilcock and Kristiina Jokinen",
title = "{Multilingual WikiTalk: Wikipedia-based talking robots that switch languages}",
booktitle = "Proceedings of the 16th Annual SIGdial Meeting on Discourse and Dialogue",
address = "Prague",
year = 2015
}

@inproceedings{Wilcock:ea:IWSDS:16,
author = {Graham Wilcock and Niklas {Laxstr\"om} and Juho Leinonen
          and Peter Smit and Mikko Kurimo and Kristiina Jokinen},
title = "{Towards SamiTalk: a Sami-speaking Robot
          linked to Sami Wikipedia}",
booktitle = {Proceedings of Seventh International Workshop on Spoken Dialogue Systems (IWSDS 2016)},
address = "Saariselk{\"a}",
year = 2016,
}

@inproceedings{Wilcock:Matsumoto:96,
author = "Graham Wilcock and Yuji Matsumoto",
title = "Reversible Delayed Lexical Choice in a Bidirectional Framework",
booktitle = "16th International Conference on Computational
                  Linguistics (COLING-96), Proceedings Vol. 2",
address = "Copenhagen",
pages = {758--763},
year = 1996
}

@inproceedings{Wilcock:Matsumoto:98,
author = "Graham Wilcock and Yuji Matsumoto",
title = "Head-Driven Generation with {HPSG}",
booktitle = "36th Annual Meeting of the Association for Computational
                  Linguistics and 17th International Conference on
                  Computational Linguistics (COLING-ACL-98),
                  Proceedings Vol. II",
address = "Montreal",
pages = {1393--1397},
year = 1998
}

@inproceedings{Williams:08,
author = "J. D. Williams",
title = "{The Best of Both Worlds: Unifying Conventional Dialogue
                  Systems and POMDPs}",
booktitle = "Proceedings of the 9th Annual Conference of the
                  International Speech Communication Association",
address = "Brisbane",
year = 2008
}

@inproceedings{Williams:Reiter:05,
author = "Sandra Williams and Ehud Reiter",
title = "Generating readable texts for readers with low basic skills",
booktitle = "Proceedings of the 10th European Workshop on Natural Language Generation",
address = "Aberdeen",
year = 2005
}

@unpublished{Wilson:12,
author = "Achu Wilson",
title = "{Speech Recognition in ROS / Linux}",
note = "In Achu's TechBlog, Archive for June 2012
 (\url{http://achuwilson.wordpress.com/2012/06/)}",
year = "2012",
}

@book{Witten:ea:11,
author = "Witten, I. and Frank, E. and Hall, M.",
title = "Data Mining: Practical machine learning tools and techniques,
                  3rd Edition",
address = "San Francisco",
publisher = "Morgan Kaufmann",
year = "2011"
}

@article{Yamamoto:ea:15,
author = "Seiichi Yamamoto and Keiko Taguchi and Koki Ijuin and Ichiro Umata and Masafumi Nishida",
title = "{Multimodal corpus of multiparty conversations in L1 and L2 languages
         and findings obtained from it}",
journal = {Language Resources and Evaluation},
note = "{DOI 10.1007/s10579-015-9299-2}",
year = 2015,
}

@inproceedings{Yamazaki:ea:08,
author = "H. Yamazaki and K. Kitamura and K. Harada and S. Yamamoto",
title = "Creation of Learner Corpus and Its Application to Speech
                  Recognition",
booktitle = "Proceedings of International Conference on Language
                  Resources and Evaluation (LREC 2008)",
address = "Marrakech, Morocco",
year = 2008,
}

@inproceedings{Yamasaki:ea:12,
author = "Shota Yamasaki and Hirohisa Furukawa and Masafumi Nishida
                  and Kristiina Jokinen and Seiichi Yamamoto",
title = "Multimodal Corpus of Multi-Party Conversations in Second Language",
booktitle = {Proceedings of Eighth International Conference on
                  Language Resources and Evaluation (LREC 2012)},
address = "Istanbul",
year = 2012,
}

@article{Young:ea:10,
author = "S. Young and M. Ga\v{s}i\'{c} and S. Keizer and F. Mairesse and
                  J. Schatzmann and B. Thomson and K. Yu",
title = "{The Hidden Information State model: A practical framework
                  for POMDP-based spoken dialogue management}",
journal = "Computer Speech \& Language",
volume = 24,
year = 2010,
pages = {150--174},
}

